@article{einstein,
  author =       "Albert Einstein",
  title =        "{Zur Elektrodynamik bewegter K{\"o}rper}. ({German})
                 [{On} the electrodynamics of moving bodies]",
  journal =      "Annalen der Physik",
  volume =       "322",
  number =       "10",
  pages =        "891--921",
  year =         "1905",
  DOI =          "http://dx.doi.org/10.1002/andp.19053221004",
  keywords =     "physics"
}

@book{bourg,
  title={Applied Drilling Engineering},
  author={A.T. Bourgoyne Jr, K.K. Millheim, M.E. Chenevert and F.S. Young Jr.},
  isbn={978-1-55563-001-0},
  series={SPE Textbook Series Vol. 2},
  year={1986},
  publisher={Society of Petroleum Engineers},
  keywords = {drilling}
}

@misc{mtu,
    author    = "Michigan Technological University",
    title     = "Electrical Safety Work Practices Plan",
    url       = "http://www.mtu.edu/oshs/safety-programs/required/safety-work/[25 November 2016]"
}

@misc{ada,
    author    = "Adafruit Industries",
    title     = "Calibrating Sensors",
    url       = "https://learn.adafruit.com/calibrating-sensors/single-point-calibration[29 November 2016]"
}

@misc{drillcon,
    author    = "Drilling Contractor",
    title     = "Automated systems increase safety and efficiency",
    url       = "http://www.drillingcontractor.org/dcpi/2002/dc-sepoct02/Sep2-auto.pdf[2 November 2016]"
}

@misc{aluflex,
    author    = "Aluflex",
    title     = "Aluflex Productcatalog Ball Screws",
    url       = "http://www.testwebben.se/6668/Filer/PDF-Kataloger/PDF-Katalog20Ballscrews.pdf[25 November 2016]"
}

@misc{engtool,
    author    = "Engineering Toolbox",
    title     = "Water - Absolute or Dynamic Viscosity",
    url       = "http://www.engineeringtoolbox.com/absolute-dynamic-viscosity-water-d_575.html[25 November 2016]"
}

@misc{dsats,
    author    = "DSATS - Drilling Systems Automation Technical Section",
    title     = "Drillbotics Guidelines",
    url       = "http://media.wix.com/ugd/7aa25a_51340308c1734fd582e0d3e4a01b6559.pdf[25 November 2016]"
}

@misc{aluminum,
    author    = "Make It From",
    title     = "Material Properties Aluminum",
    url       = "http://www.makeitfrom.com/material-properties/3003-H14-Aluminum[25 November 2016]"
}

@misc{schlumvib,
    author    = "Schlumberger",
    title     = "Drillstring Vibrations And Vibrations Modeling",
    url       = "https://www.slb.com/~/media/Files/drilling/brochures/drilling_opt/drillstring_vib_br.pdf[25 November 2016]"
}

@misc{bitballing,
    author    = "Drilling Formulas",
    title     = "What You Need To Know About Drilling Bit Balling Up and How To Troubleshooting It",
    url       = "http://www.drillingformulas.com/what-you-need-to-know-about-drilling-bit-balling-up-and-how-to-troubleshooting-it/[25 November 2016]"
}

@misc{hash,
    author    = "Hashem M. Hashemian",
    title     = "Measurement Of Dynamic Temperatures And Pressures In Nuclear Power Plants",
    url       = "blabla"
}

@misc{pumps,
    author    = "PetroWiki",
    title     = "Positive displacement pumps",
    url       = "http://petrowiki.org/Positive_displacement_pumps"
}


@misc{pic_rail,
    author    = "Aluflex",
    title     = "Linear Roller Guides",
    url       = "http://www.aluflex.com/sida61_en.html"
}

@misc{buckling,
    author    = "MechaniCalc",
    title     = "Column Buckling",
    url       = "https://mechanicalc.com/reference/column-buckling"
}


@misc{Aluflex_LRG,
    author    = "Aluflex",
    title     = "Aluflex Productcatalog Linear Roller Guide",
    url       = "http://aluflex.com/Filer/PDF-Dokument/Catalog\%20PMI\%20MSR\%20Rollerguides.pdf"
}

